<record><leader>00000cas a2200000 a 4500</leader><controlfield tag="001">276856181</controlfield><controlfield tag="006">m     o  d        </controlfield><controlfield tag="007">cr |||||||||||</controlfield><controlfield tag="008">081202d19942008mauwr n o     |    0eng  </controlfield><datafield ind1=" " ind2=" " tag="010"><subfield code="a">  2008208657</subfield></datafield><datafield ind1=" " ind2=" " tag="040"><subfield code="a">DLC</subfield><subfield code="b">eng</subfield><subfield code="c">DLC</subfield><subfield code="d">DLC</subfield><subfield code="d">OCLCQ</subfield><subfield code="d">IUL</subfield><subfield code="d">OCLCF</subfield></datafield><datafield ind1="1" ind2=" " tag="029"><subfield code="a">AU@</subfield><subfield code="b">000043660871</subfield></datafield><datafield ind1="1" ind2=" " tag="029"><subfield code="a">NZ1</subfield><subfield code="b">14937173</subfield></datafield><datafield ind1=" " ind2=" " tag="042"><subfield code="a">pcc</subfield></datafield><datafield ind1=" " ind2=" " tag="043"><subfield code="a">n-us-ma</subfield></datafield><datafield ind1="1" ind2="4" tag="050"><subfield code="a">Newspaper</subfield></datafield><datafield ind1="0" ind2=" " tag="130"><subfield code="a">Record (Clinton, Mass.)</subfield></datafield><datafield ind1="1" ind2="4" tag="245"><subfield code="a">The record</subfield><subfield code="h">[electronic resource].</subfield></datafield><datafield ind1=" " ind2=" " tag="260"><subfield code="a">Clinton, Mass. :</subfield><subfield code="b">Coulter Press</subfield></datafield><datafield ind1=" " ind2=" " tag="310"><subfield code="a">Weekly</subfield></datafield><datafield ind1="1" ind2=" " tag="362"><subfield code="a">Began in 1994?; ceased with issue for Dec. 4, 2008.</subfield></datafield><datafield ind1=" " ind2=" " tag="588"><subfield code="a">Description based on: Dec. 6, 2007; title from title screen (publisher's Web site, viewed Nov. 25, 2008).</subfield></datafield><datafield ind1=" " ind2=" " tag="588"><subfield code="a">Latest issue consulted: Dec. 4, 2008.</subfield></datafield><datafield ind1=" " ind2="0" tag="651"><subfield code="a">Clinton (Mass.)</subfield><subfield code="v">Newspapers.</subfield></datafield><datafield ind1=" " ind2="0" tag="651"><subfield code="a">Shrewsbury (Mass.)</subfield><subfield code="v">Newspapers.</subfield></datafield><datafield ind1=" " ind2="7" tag="655"><subfield code="a">Newspapers.</subfield><subfield code="2">fast</subfield><subfield code="0">(OCoLC)fst01423814</subfield></datafield><datafield ind1=" " ind2="7" tag="651"><subfield code="a">Massachusetts</subfield><subfield code="z">Clinton.</subfield><subfield code="2">fast</subfield><subfield code="0">(OCoLC)fst01221271</subfield></datafield><datafield ind1=" " ind2="7" tag="651"><subfield code="a">Massachusetts</subfield><subfield code="z">Shrewsbury.</subfield><subfield code="2">fast</subfield><subfield code="0">(OCoLC)fst01215270</subfield></datafield><datafield ind1=" " ind2=" " tag="752"><subfield code="a">United States</subfield><subfield code="d">Massachusetts</subfield><subfield code="b">Clinton.</subfield></datafield><datafield ind1="0" ind2="0" tag="785"><subfield code="t">Shrewsbury/Westboro/Northboro flash</subfield></datafield><datafield ind1="4" ind2="0" tag="856"><subfield code="u">http://www.telegram.com/apps/pbcs.dll/section?Category=coulter02</subfield></datafield><datafield ind1="4" ind2="0" tag="856"><subfield code="u">http://proquest.umi.com/pqdweb?RQT=318&amp;pmid=81096</subfield></datafield></record>